%============ Bibliography Syntaxe ============%
%      Just follow examples written below      %
%==============================================%
@misc{avaxia,
title = {Presentation Avaxia},
howpublished = {\url{https://www.avaxiagroup.com/fr/}},
year =2023,
note = "[En ligne;Accès le 2-sep-2023]"
}
@misc{serAvaxia,
title = {Services Avaxia},
howpublished = {\url{https://www.avaxiagroup.com/fr/services}},
year =2023,
note = "[En ligne;Accès le 2-sep-2023]"
}
@misc{blog,
title = {backlog produit},
author = {nutcache},
howpublished = {\url{https://www.nutcache.com/fr/blog/quest-ce-quun-backlog-scrum/}},
year =2019,
note = "[En ligne;Accès le 2-sep-2023]"
}
@misc{BPK,
title = {difference backlog Kanban /backlog SCRUM},
author = { Judicaël Paquet},
howpublished = {\url{https://blog.myagilepartner.fr/index.php/2019/10/16/backlog-kanban/}},
year =2017,
note = "[En ligne;Accès le 19-sep-2023]"
}
@misc{talend,
title = {Talend},
author = {},
howpublished = {\url{https://www.talend.com/}},
year =2023,
note = "[En ligne;Accès le 19-sep-2023]"
}
@misc{pg,
title = {postgresql},
author = {},
howpublished = {\url{https://www.postgresql.org/}},
year =2023,
note = "[En ligne;Accès le 19-sep-2023]"
}
@misc{streamlit,
title = {streamlit},
author = {},
howpublished = {\url{https://streamlit.io/}},
year =2023,
note = "[En ligne;Accès le 19-sep-2023]"
}
@misc{GitlabRestAPI,
title = {Gitlab REST API},
author = {},
howpublished = {\url{https://docs.gitlab.com/ee/api/}},
year =2023,
note = "[En ligne;Accès le 19-sep-2023]"
}
@misc{JiraRestAPI,
title = {Jira REST API},
author = {},
howpublished = {\url{https://developer.atlassian.com/cloud/jira/platform/rest/v3/intro}},
year =2023,
note = "[En ligne;Accès le 19-sep-2023]"
}
@misc{SonarQube,
title = {SonarQube},
author = {},
howpublished = {\url{https://docs.sonarsource.com/sonarqube/latest/web-api/}},
year =2023,
note = "[En ligne;Accès le 19-sep-2023]"
}
@misc{numpy,
title = {numpy},
author = {},
howpublished = {\url{https://docs.gitlab.com/ee/api/}},
year =2023,
note = "[En ligne;Accès le 19-sep-2023]"
}
@misc{pandas,
title = {pandas},
author = {},
howpublished = {\url{https://pandas.pydata.org/}},
year =2023,
note = "[En ligne;Accès le 19-sep-2023]"
}
@book{sep,
    title = {"Software Architecture: A Comprehensive Framework and Guide for Practitioners."},
    author = { Oliver Vogel},
    isbn = {3642197353},
    year = {2011},
    publisher = {Springer},
    keywords = {IT, software architecture}
}
@book{module,
    title = {"Software Architecture in Practice"},
    author = {Len Bass},
    isbn = {0136886094},
    year = {2021},
    publisher = {Addison-Wesley Professional},
    keywords = {IT, software architecture}
}
@book{facilite,
    title = {"Design Patterns: Elements of Reusable Object-Oriented Software"},
    author = {Erich Gamma},
    isbn = {0201633612},
    year = {1994},
    publisher = {Addison-Wesley Professional},
    keywords = {IT, Object-Oriented Software}
}
%% Chapitre 3 %%
@misc{design_pattern,
title = {Patrons de conception},
author = {Dmitry Zhart},
howpublished = {\url{https://refactoring.guru/fr/design-patterns/what-is-pattern}},
year =2023,
note = "[En ligne;Accès le 21-Mars-2024]"
}
@misc{archi_log,
title = {Architecture Logique des systémes},
author = {Meriem Touhtouh},
howpublished = {\url{https://www.softfluent.fr/blog/architecture-logicielle-pour-application}},
year =2023,
note = "[En ligne;Accès le 21-Mars-2024]"
}
@misc{SRP,
title = {Single Responsability Principal},
author = {},
howpublished = {\url{https://www.ionos.fr/digitalguide/sites-internet/developpement-web/quest-ce-que-le-factory-pattern/}},
year =2022,
note = "[En ligne;Accès le 21-Mars-2024]"
}
@misc{CQRS,
title = {CQRS},
author = {Gnaoui Kheriji},
howpublished = {\url{https://www.invivoo.com/le-pattern-cqrs/}},
year =2023,
note = "[En ligne;Accès le 21-Mars-2024]"
}
@misc{DAO,
title = {Data Access Object},
author = {geeksforgeeks},
howpublished = {\url{https://www.geeksforgeeks.org/data-access-object-pattern/}},
year =2024,
note = "[En ligne;Accès le 21-Mars-2024]"
}
@misc{facade,
title = {Patron façade},
author = {Alexander Schevts},
howpublished = {\url{https://refactoring.guru/fr/design-patterns/facade}},
year =2023,
note = "[En ligne;Accès le 21-Mars-2024]"
}
@misc{observer,
title = {Patron observer},
author = {Alexander Schevts},
howpublished = {\url{https://refactoring.guru/fr/design-patterns/observer}},
year =2023,
note = "[En ligne;Accès le 21-Mars-2024]"
}
@misc{archi_phy,
title = {architecture physique},
author = {RedHat},
howpublished = {\url{https://www.redhat.com/fr/topics/cloud-native-apps/what-is-an-application-architecture}},
year =2023,
note = "[En ligne;Accès le 22-Mars-2024]"
}
@misc{diag_pack,
title = {Diagramme de package},
author = {lucidchart},
howpublished = {\url{https://www.lucidchart.com/pages/fr/diagramme-package-uml}},
year =2024,
note = "[En ligne;Accès le 22-Mars-2024]"
}
@misc{diag_class,
title = {Diagramme de package},
author = {lucidchart},
howpublished = {\url{https://www.lucidchart.com/pages/fr/diagramme-de-classes-uml}},
year =2024,
note = "[En ligne;Accès le 22-Mars-2024]"
}
@misc{diag_act,
title = {Diagramme d'activité'},
author = {IBM},
howpublished = {\url{https://www.ibm.com/docs/fr/dmrt/9.5?topic=diagrams-activity}},
year =2021,
note = "[En ligne;Accès le 22-Mars-2024]"
}